<record><leader>00000cas a22000007a 4500</leader><controlfield tag="001">13179413</controlfield><controlfield tag="008">860221d19uu19uucouwr ne      0    0eng d</controlfield><datafield ind1=" " ind2=" " tag="010"><subfield code="a">sn 86063143 </subfield></datafield><datafield ind1=" " ind2=" " tag="040"><subfield code="a">KSH</subfield><subfield code="b">eng</subfield><subfield code="c">KSH</subfield><subfield code="d">NPT</subfield><subfield code="d">CNQ</subfield><subfield code="d">OCLCQ</subfield><subfield code="d">COD</subfield></datafield><datafield ind1=" " ind2=" " tag="042"><subfield code="a">msc</subfield></datafield><datafield ind1="0" ind2="0" tag="245"><subfield code="a">Penrose press.</subfield></datafield><datafield ind1=" " ind2=" " tag="260"><subfield code="a">Penrose, Fremont County, Colo. :</subfield><subfield code="b">H.W. Lamprecht</subfield></datafield><datafield ind1=" " ind2=" " tag="300"><subfield code="a">volumes</subfield></datafield><datafield ind1=" " ind2=" " tag="310"><subfield code="a">Weekly</subfield></datafield><datafield ind1=" " ind2=" " tag="336"><subfield code="a">text</subfield><subfield code="b">txt</subfield><subfield code="2">rdacontent</subfield></datafield><datafield ind1=" " ind2=" " tag="337"><subfield code="a">unmediated</subfield><subfield code="b">n</subfield><subfield code="2">rdamedia</subfield></datafield><datafield ind1=" " ind2=" " tag="338"><subfield code="a">volume</subfield><subfield code="b">nc</subfield><subfield code="2">rdacarrier</subfield></datafield><datafield ind1=" " ind2=" " tag="530"><subfield code="a">Available on microfilm from the Colorado Historical Society.</subfield></datafield><datafield ind1=" " ind2=" " tag="588"><subfield code="a">Description based on: Vol. 1, no. 20 (May 20, 1910).</subfield></datafield><datafield ind1=" " ind2=" " tag="588"><subfield code="a">Latest issue consulted: Vol. 35, no. 26 (July 2, 1943).</subfield></datafield><datafield ind1=" " ind2=" " tag="752"><subfield code="a">United States</subfield><subfield code="b">Colorado</subfield><subfield code="c">Fremont</subfield><subfield code="d">Penrose.</subfield></datafield><datafield ind1="0" ind2="4" tag="785"><subfield code="t">Citizen (Florence, Colo. : 1937)</subfield><subfield code="w">(DLC)sn 86063141</subfield><subfield code="w">(OCoLC)13179197</subfield></datafield></record>